<?xml version="1.0" encoding="UTF-8"?><collection xmlns="http://www.loc.gov/MARC21/slim"><record><leader>00561nam--2200193-u-4500</leader><controlfield tag="001">000054797</controlfield><controlfield tag="002">20161230</controlfield><controlfield tag="005">20161230201051</controlfield><controlfield tag="008">120614s1000------------r-----000-0-eng-d</controlfield><datafield ind1=" " ind2=" " tag="020"><subfield code="a">0720402883</subfield></datafield><datafield ind1=" " ind2=" " tag="040"><subfield code="a">IFIN-HH</subfield></datafield><datafield ind1=" " ind2=" " tag="080"><subfield code="a">539.172.17:537.8</subfield></datafield><datafield ind1="1" ind2=" " tag="100"><subfield code="a">Alder, Kurt</subfield></datafield><datafield ind1="1" ind2="0" tag="245"><subfield code="a">Electromagnetic excitation</subfield><subfield code="b">Theory of coulomb excitation with heavy ions</subfield><subfield code="c">Kurt alder, aage winther</subfield></datafield><datafield ind1=" " ind2=" " tag="260"><subfield code="a">Amsterdam</subfield><subfield code="b">North-holland Publishing Company</subfield><subfield code="c">1975</subfield></datafield><datafield ind1=" " ind2=" " tag="300"><subfield code="a">364P</subfield></datafield><datafield ind1="1" ind2=" " tag="700"><subfield code="a">Winther, Aage</subfield></datafield><datafield ind1=" " ind2=" " tag="852"><subfield code="a">42989</subfield><subfield code="c">539.17</subfield></datafield><datafield ind1=" " ind2=" " tag="CAT"><subfield code="a">Sys</subfield><subfield code="c">20120614</subfield><subfield code="h">103535</subfield></datafield></record></collection>